<?xml version="1.0" encoding="UTF-8" ?>
<marc:record xmlns:marc="http://www.loc.gov/MARC21/slim">
<marc:leader>00911cas a2200181   4500</marc:leader>
<marc:controlfield tag="001">200190</marc:controlfield>

<marc:controlfield tag="008">930226s1769                        fre  </marc:controlfield>

<marc:datafield tag="035" ind1=" " ind2=" ">
<marc:subfield code="a">(Sirsi) 200190</marc:subfield>
</marc:datafield>

<marc:datafield tag="100" ind1="1" ind2=" ">
<marc:subfield code="a">Pernety, Antoine Joseph,</marc:subfield>
<marc:subfield code="d">1716-1801</marc:subfield>
</marc:datafield>

<marc:datafield tag="245" ind1="1" ind2="0">
<marc:subfield code="a">Journal historique d'un voyage fait aux I^les Malouines en 1763 &amp; 1764, pour les reconnoitre, &amp; y former un etablissement; et de deux voyages au Detroit de Magellan, avec une relation sur les Patagons /</marc:subfield>
<marc:subfield code="c">par Dom Pernety </marc:subfield>
</marc:datafield>

<marc:datafield tag="260" ind1=" " ind2=" ">
<marc:subfield code="a">Berlin :</marc:subfield>
<marc:subfield code="b">Etienne de Bourdeaux,</marc:subfield>
<marc:subfield code="c">1769 </marc:subfield>
</marc:datafield>

<marc:datafield tag="300" ind1=" " ind2=" ">
<marc:subfield code="a">2 v. (xvi, 1-403, [404]-704, [47] p.), xvi leaves of plates :</marc:subfield>
<marc:subfield code="b">ill. ;</marc:subfield>
<marc:subfield code="c">19 cm. </marc:subfield>
</marc:datafield>

<marc:datafield tag="592" ind1=" " ind2=" ">
<marc:subfield code="a">Scanned for Darwin Library and BHL. </marc:subfield>
</marc:datafield>

<marc:datafield tag="596" ind1=" " ind2=" ">
<marc:subfield code="a">4 </marc:subfield>
</marc:datafield>

<marc:controlfield tag="001">Catkey 102782 </marc:controlfield>

<marc:datafield tag="590" ind1="1" ind2=" ">
<marc:subfield code="a">Itemid 311899 </marc:subfield>
</marc:datafield>

<marc:datafield tag="999" ind1=" " ind2=" ">
<marc:subfield code="a">4 o PER</marc:subfield>
<marc:subfield code="w">WOODWARD</marc:subfield>
<marc:subfield code="c">1</marc:subfield>
<marc:subfield code="i">311899</marc:subfield>
<marc:subfield code="d">21/4/1999</marc:subfield>
<marc:subfield code="l">SHELVES</marc:subfield>
<marc:subfield code="m">GENERAL</marc:subfield>
<marc:subfield code="r">Y</marc:subfield>
<marc:subfield code="s">Y</marc:subfield>
<marc:subfield code="t">BOOK</marc:subfield>
<marc:subfield code="u">27/3/1998</marc:subfield>
<marc:subfield code="x">RARE</marc:subfield>
<marc:subfield code="z">OCTAVO </marc:subfield>
</marc:datafield>

<marc:datafield tag="999" ind1=" " ind2=" ">
<marc:subfield code="a">4 o PER</marc:subfield>
<marc:subfield code="w">WOODWARD</marc:subfield>
<marc:subfield code="c">1</marc:subfield>
<marc:subfield code="i">102782-2001</marc:subfield>
<marc:subfield code="l">SHELVES</marc:subfield>
<marc:subfield code="m">GENERAL</marc:subfield>
<marc:subfield code="r">Y</marc:subfield>
<marc:subfield code="s">Y</marc:subfield>
<marc:subfield code="t">BOOK</marc:subfield>
<marc:subfield code="u">1/4/2010</marc:subfield>
<marc:subfield code="x">RARE</marc:subfield>
<marc:subfield code="z">OCTAVO </marc:subfield>
</marc:datafield>

</marc:record>